<record><leader>00000cas a22000007a 4500</leader><controlfield tag="001">12441679</controlfield><controlfield tag="008">850830d19091912alucr ne      0    0eng d</controlfield><datafield ind1=" " ind2=" " tag="010"><subfield code="a">sn 85044892 </subfield></datafield><datafield ind1=" " ind2=" " tag="040"><subfield code="a">CPN</subfield><subfield code="b">eng</subfield><subfield code="c">CPN</subfield><subfield code="d">OCLCQ</subfield></datafield><datafield ind1=" " ind2=" " tag="042"><subfield code="a">msc</subfield></datafield><datafield ind1="0" ind2="4" tag="245"><subfield code="a">The Semi-weekly republic.</subfield></datafield><datafield ind1=" " ind2=" " tag="260"><subfield code="a">Anniston, Ala. :</subfield><subfield code="b">Anniston Pub. Co.,</subfield><subfield code="c">1909-1912.</subfield></datafield><datafield ind1=" " ind2=" " tag="300"><subfield code="a">v. :</subfield><subfield code="b">ill. ;</subfield><subfield code="c">54 cm.</subfield></datafield><datafield ind1=" " ind2=" " tag="310"><subfield code="a">Semiweekly</subfield></datafield><datafield ind1="0" ind2=" " tag="362"><subfield code="a">Vol. 73, no. 4 (Jan. 15, 1909)-v. 76, no. 59 (Sept. 16, 1912).</subfield></datafield><datafield ind1=" " ind2=" " tag="752"><subfield code="a">United States</subfield><subfield code="b">Alabama</subfield><subfield code="c">Calhoun</subfield><subfield code="d">Anniston.</subfield></datafield><datafield ind1="0" ind2="0" tag="780"><subfield code="t">Anniston republic</subfield><subfield code="w">(DLC)sn 85044891</subfield></datafield></record>